@online{wikipedia-linksys,
    author = {Wikipedia},
    title = {Linksys WRT54G series},
    date = {2018},
    url = {https://en.wikipedia.org/wiki/Linksys_WRT54G_series}
}
@online{wifiplanet-story,
    author = {Wi-Fi Planet},
    title = {The Open Source WRT54G Story},
    date = {2005},
    url = {http://www.wi-fiplanet.com/tutorials/article.php/3562391}
}
@online{linux-kconfig,
    author = {Linux Developers},
    title = {Kconfig Language},
    date = {2018},
    url = {https://www.kernel.org/doc/Documentation/kbuild/kconfig-language.txt}
}
@online{gnu-autotools,
    author = {Free Software Foundation},
    title = {An Introduction to the Autotools},
    date = {2018},
    url = {https://www.gnu.org/software/automake/manual/html_node/Autotools-Introduction.html}
}
@online{kitware-cmake,
    author = {Kitware},
    title = {CMake},
    date = {2018},
    url = {https://cmake.org/}
}
@online{scons,
    author = {SCons Foundation},
    title = {SCons},
    date = {2018},
    url = {http://scons.org/}
}
@online{fsf-quilt,
    author = {Free Software Foundation},
    title = {Quilt},
    date = {2018},
    url = {http://savannah.nongnu.org/projects/quilt/}
}
@online{buildroot,
    author = {Peter Korsgaard},
    title = {Buildroot},
    date = {2018},
    url = {https://buildroot.org/}
}
@online{openwrt-devices,
    author = {OpenWrt},
    title = {Table of Hardware},
    date = {2018},
    url = {https://openwrt.org/toh/start}
}
@online{openwrt-requirements,
    author = {OpenWrt},
    title = {Supported Devices},
    date = {2018},
    url = {https://openwrt.org/supported_devices}
}
@online{openwrt-packages,
    author = {OpenWrt},
    title = {Package Table},
    date = {2018},
    url = {https://openwrt.org/packages/table/start}
}
@online{debian-website,
    author = {Debian Project (Software in the Public Interest)},
    title = {Debian},
    date = {2018},
    url = {https://www.debian.org/}
}
@book{starch-how_linux_works,
    title = {How Linux Works},
    subtitle = {What Every Superuser Should Know},
    author = {Brian Ward},
    year = {2014},
    publisher = {No Starch Press},
    url = {https://nostarch.com/howlinuxworks2}
}
@book{starch-linux_command_line,
    title = {The Linux Command Line},
    subtitle = {A Complete Introduction},
    author = {William E. Shotts Jr.},
    year = {2012},
    publisher = {No Starch Press},
    url = {https://nostarch.com/tlcl}
}
@book{prentice-c_programming_language,
    title = {C Programming Language},
    author = {Brian W. Kernighan, Dennis M. Ritchie},
    year = {1988},
    publisher = {Prentice Hall},
    url = {https://www.amazon.com/Programming-Language-2nd-Brian-Kernighan/dp/0131103628}
}
@book{wesley-c_primer_plus,
    title = {C Primer Plus},
    author = {Stephen Prata},
    year = {2013},
    publisher = {Addison-Wesley Professional},
    url = {https://www.amazon.com/C-Primer-Plus-Developers-Library-ebook/dp/B00GWLPX76}
}
@book{oreilly-understanding_and_using_c_pointers,
    title = {Understanding and Using C Pointers},
    subtitle = {Core Techniques for Memory Management},
    author = {Richard M Reese},
    year = {2013},
    publisher = {O'Reilly Media},
    url = {http://shop.oreilly.com/product/0636920028000.do}
}
@book{oreilly-managing_projects_with_gnu_make,
    title = {Managing Projects with GNU Make},
    subtitle = {Use the Power of GNU Make for Building Anything},
    author = {Robert Mecklenburg},
    year = {2004},
    publisher = { O'Reilly Media},
    url = {http://shop.oreilly.com/product/9780596006105.do}
}
@book{turnbull-the_docker_book,
    title = {The Docker Book},
    subtitle = {Containerization is the new virtualization},
    author = {James Turnbull},
    year = {2014},
    publisher = {James Turnbull},
    url = {https://www.dockerbook.com/}
}
@online{openwrt-ubus,
    author = {OpenWrt},
    title = {ubus (OpenWrt micro bus architecture)},
    date = {2018},
    url = {https://wiki.openwrt.org/doc/techref/ubus}
}
@online{openwrt-ubox,
    author = {OpenWrt},
    title = {ubox},
    date = {2018},
    url = {https://wiki.openwrt.org/doc/techref/ubox}
}
@online{openwrt-libubox,
    author = {OpenWrt},
    title = {libubox},
    date = {2018},
    url = {https://wiki.openwrt.org/doc/techref/libubox}
}
@online{openwrt-uci,
    author = {OpenWrt},
    title = {The UCI System},
    date = {2018},
    url = {https://wiki.openwrt.org/doc/uci}
}
@online{openwrt-libuci,
    author = {OpenWrt},
    title = {UCI (Unified Configuration Interface) - Technical Reference},
    date = {2018},
    url = {https://wiki.openwrt.org/doc/techref/uci?s[]=libuci}
}
@online{lutfi-ubus,
    author = {L.M. Lutfi Sh.},
    title = {OpenWRT Modules: U-BUS},
    date = {2018},
    url = {http://technostuff.blogspot.hr/2017/03/openwrt-modules-u-bus.html}
}
@online{lutfi-ubox_ubus,
    author = {L.M. Lutfi Sh.},
    title = {OpenWRT Modules (UBOX, UBUS, etc.)},
    date = {2018},
    url = {http://technostuff.blogspot.hr/2017/03/openwrt-modules-ubox-ubus-etc.html}
}
@online{openwrt-log,
    author = {OpenWrt},
    title = {System log in OpenWrt},
    date = {2018},
    url = {https://wiki.openwrt.org/doc/howto/log.essentials}
}
@online{openwrt-rpc_guide,
    author = {OpenWrt},
    title = {RPC daemon},
    date = {2018},
    url = {https://openwrt.org/docs/guide-developer/rpcd}
}
@online{openwrt-rpc_techref,
    author = {OpenWrt},
    title = {rpcd (OpenWrt ubus RPC backend server)},
    date = {2018},
    url = {https://wiki.openwrt.org/doc/techref/rpcd}
}
@online{openwrt-procd,
    author = {OpenWrt},
    title = {procd (process management daemon) - Technical Reference},
    date = {2018},
    url = {https://wiki.openwrt.org/doc/techref/procd}
}
@online{torvalds-git,
    author = {Linus Torvalds},
    title = {Git},
    date = {2018},
    url = {https://git-scm.com/}
}
@book{chacon-pro_git,
    title = {Pro Git},
    author = {Scott Chacon, Ben Straub},
    year = {2014},
    publisher = {Apress},
    url = {https://git-scm.com/book}
}
@online{openwrt-opkg,
    author = {OpenWrt},
    title = {OPKG Package Manager},
    date = {2018},
    url = {https://wiki.openwrt.org/doc/techref/opkg}
}
